<?xml version="1.0" encoding="UTF-8"?><collection xmlns="http://www.loc.gov/MARC21/slim"><record><leader>00341nam--2200121-i-4500</leader><controlfield tag="001">000005895</controlfield><controlfield tag="002">20161230</controlfield><controlfield tag="005">20161230201026</controlfield><controlfield tag="008">060222s1000------------r-----000-0-eng-d</controlfield><datafield ind1=" " ind2=" " tag="100"><subfield code="a">Colnot, P., Gallet, G</subfield></datafield><datafield ind1=" " ind2=" " tag="245"><subfield code="a">Le verre et la ceramique dans la technique du vide</subfield></datafield><datafield ind1=" " ind2=" " tag="260"><subfield code="a">Paris, Editions Eyrolles, 1962</subfield></datafield><datafield ind1=" " ind2=" " tag="490"><subfield code="a">Collection De L A.N.R.T</subfield></datafield></record></collection>